@article{Trendowicz2009,
    author  = "Adam Trendowicz and J{\"u}rgen M{\"u}nch",
    title   = "Factors Influencing Software Development Productivity---State-of-the-Art and Industrial Experiences",
    journal = "Advances in Computers",
    publisher = "Elsevier",
    year    = "2009",
    volume  = "77",
    pages   = "185--241",
    issn    = "0065-2458",
    isbn    = "9780123748126",
    doi     = "10.1016/S0065-2458(09)01206-6",
    url     = "https://doi.org/10.1016/S0065-2458(09)01206-6"
}

@article{Chowdhury2015,
  author    = {M. F. Chowdhury},
  title     = {Coding, sorting and sifting of qualitative data analysis: debates and discussion},
  journal   = {Quality \& Quantity},
  year      = {2015},
  volume    = {49},
  pages     = {1135--1143},
  doi       = {10.1007/s11135-014-0039-2},
  url       = {https://doi.org/10.1007/s11135-014-0039-2},
}

@article{BudacuPocatilu2018,
  author    = {Eduard Budacu and Paul POCATILU},
  title     = {Real Time Agile Metrics for Measuring Team Performance},
  journal   = {Informatica Economica},
  volume    = {22},
  year      = {2018},
  pages     = {70--79},
  doi       = {10.12948/issn14531305/22.4.2018.06},
  url       = {https://www.researchgate.net/profile/Eduard-Budacu/publication/331157722_Real_Time_Agile_Metrics_for_Measuring_Team_Performance/links/5c817026458515831f8f2626/Real-Time-Agile-Metrics-for-Measuring-Team-Performance.pdf},
}

@article{Lin2015HumanFactors,
  author    = {Jun Lin},
  title     = {Human Factors in Agile Software Development},
  journal   = {CoRR},
  volume    = {abs/1502.04170},
  year      = {2015},
  doi       = {10.48550/arXiv.1502.04170},
  url       = {https://doi.org/10.48550/arXiv.1502.04170}
}

@phdthesis{LambertMcCarthy2011,
  author       = {Tracy Lambert and Richard V. McCarthy},
  title        = {Cross Sectional Study of Agile Software Development Methods and Project Performance},
  school       = {Nova Southeastern University},
  year         = {2011},
  type         = {{Ph.D.} dissertation},
  pages        = {152},
  url          = {https://www.proquest.com/docview/873820775},
  note         = {can be accessed at ProQuest Dissertations \& Theses Global Closed Collection}
}

@inbook{WagnerDeissenboeck2019,
  author    = {Stefan Wagner and Florian Deissenboeck},
  editor    = {Caitlin Sadowski and Thomas Zimmermann},
  title     = {Defining Productivity in Software Engineering},
  booktitle = {Rethinking Productivity in Software Engineering},
  year      = {2019},
  publisher = {Apress},
  address   = {Berkeley, CA},
  pages     = {29--38},
  isbn      = {978-1-4842-4221-6},
  doi       = {10.1007/978-1-4842-4221-6_4},
  url       = {https://doi.org/10.1007/978-1-4842-4221-6_4}
}

@article{Verbeeten2015,
  author    = {F. H. M. Verbeeten and R. F. Speklé},
  title     = {Management Control, Results-Oriented Culture and Public Sector Performance: Empirical Evidence on New Public Management},
  journal   = {Organization Studies},
  year      = {2015},
  volume    = {36},
  number    = {7},
  pages     = {953--978},
  doi       = {10.1177/0170840615580014},
  url       = {https://doi.org/10.1177/0170840615580014}
}

@inproceedings{Tawosi2022StoryPointsEffort,
  author    = {Vali Tawosi and Rebecca Moussa and Federica Sarro},
  title     = {On the Relationship Between Story Points and Development Effort in Agile Open-Source Software},
  booktitle = {Proceedings of the 16th ACM / IEEE International Symposium on Empirical Software Engineering and Measurement (ESEM '22)},
  year      = {2022},
  pages     = {183--194},
  isbn      = {9781450394277},
  publisher = {Association for Computing Machinery},
  address   = {New York, NY, USA},
  doi       = {10.1145/3544902.3546238},
  url       = {https://doi.org/10.1145/3544902.3546238},
  location  = {Helsinki, Finland},
  numpages  = {12},
  series    = {ESEM '22},
  keywords  = {Agile software, Software effort estimation, Story Point}
}

@inproceedings{DelaneySchmidt2019ProductivityFramework,
  author    = {Steven Delaney and Doug Schmidt},
  title     = {A Productivity Framework for Software Development Literature Review},
  booktitle = {Proceedings of the 2nd International Conference on Software Engineering and Information Management (ICSIM '19)},
  year      = {2019},
  pages     = {69--74},
  isbn      = {9781450366427},
  publisher = {Association for Computing Machinery},
  address   = {New York, NY, USA},
  doi       = {10.1145/3305160.3305161},
  url       = {https://doi.org/10.1145/3305160.3305161},
  location  = {Bali, Indonesia},
  numpages  = {6},
  series    = {ICSIM '19},
  keywords  = {Output, Input, Software Engineering, Effectiveness, Efficiency, Performance, Productivity}
}

@inproceedings{Meckenstock2021ECIS,
  author       = {Jan-Niklas Meckenstock and Nico Hirschlein and Sebastian Schlauderer and Sven Overhage},
  title        = {The business value of agile software development : Results from a systematic literature review},
  booktitle    = {Proceedings of the 30th European Conference on Information Systems (ECIS)},
  year         = {2021},
  pages        = {1--18},
  publisher    = {Otto-Friedrich-Universität Bamberg},
  address      = {Bamberg, Germany},
  language     = {English},
  urN          = {urn:nbn:de:bvb:473-irb-543486},
  url          = {https://fis.uni-bamberg.de/handle/uniba/54348},
  note         = {Published: August 29, 2022},
  series       = {ECIS 2022 Research Papers},
  peerreviewed = {Yes},
  conference   = {30. European Conference on Information Systems (ECIS)},
  location     = {Timi{\c{s}}oara, Romania}
}

@article{FayadSchmidt1997,
  author    = {Mohamed Fayad and Douglas C. Schmidt},
  title     = {Object-oriented application frameworks},
  journal   = {Communications of the ACM},
  volume    = {40},
  number    = {10},
  pages     = {32--38},
  year      = {1997},
  publisher = {ACM},
  doi       = {10.1145/262793.262798},
  url       = {https://dl.acm.org/doi/10.1145/262793.262798}
}

@article{Dhas2015WorkLifeBalance,
  title     = {A report on the importance of work-life balance},
  author    = {Babin Dhas},
  journal   = {International Journal of Applied Engineering Research},
  volume    = {10},
  number    = {9},
  pages     = {21659--21665},
  year      = {2015},
  url       = {https://www.researchgate.net/profile/Babin-Dhas/publication/282685585_A_report_on_the_importance_of_work-life_balance/links/5bf5a086a6fdcc3a8de8aef5/A-report-on-the-importance-of-work-life-balance.pdf}
}


@article{Mohiuddin2017LeadershipStyle,
  author    = {Zaeema Asrar Mohiuddin},
  title     = {Influence of Leadership Style on Employees performance: Evidence from Literatures},
  journal   = {Journal of Marketing and Management},
  volume    = {8},
  number    = {1},
  pages     = {18--30},
  year      = {2017},
  url       = {https://www.proquest.com/docview/1939213778},
  note      = {Accessed on ProQuest Central}
}


@article{SinghSuarLeiter2012,
  author    = {P. Singh and D. Suar and M. P. Leiter},
  title     = {Antecedents, Work-Related Consequences, and Buffers of Job Burnout Among Indian Software Developers},
  journal   = {Journal of Leadership \& Organizational Studies},
  volume    = {19},
  number    = {1},
  pages     = {83--104},
  year      = {2012},
  doi       = {10.1177/1548051811429572},
  url       = {https://doi.org/10.1177/1548051811429572}
}


@article{FernandesWardAraujo2022,
  author    = {G. Fernandes and S. Ward and M. Araújo},
  title     = {Identifying useful project management practices: A mixed methodology approach},
  journal   = {International Journal of Information Systems and Project Management},
  volume    = {1},
  number    = {4},
  pages     = {5--21},
  year      = {2022},
  doi       = {10.12821/ijispm010401},
  url       = {https://doi.org/10.12821/ijispm010401}
}


@article{Saeed2019SoftwareDevelopment,
  author    = {S. Saeed and N. Z. Jhanjhi and M. Naqvi and M. Humayun},
  title     = {Analysis of software development methodologies},
  journal   = {International Journal of Computing and Digital Systems},
  volume    = {8},
  number    = {5},
  pages     = {446--460},
  year      = {2019},
  url       = {https://seap.taylors.edu.my/file/rems/publication/109566_6142_1.pdf}
}

@article{Andrei2019WaterfallAgile,
  author    = {B. A. Andrei and A. C. Casu-Pop and S. C. Gheorghe and C. A. Boiangiu},
  title     = {A study on using waterfall and agile methods in software project management},
  journal   = {Journal of Information Systems \& Operations Management},
  year      = {2019},
  pages     = {125--135},
  url       = {https://web.rau.ro/websites/jisom/Vol.13%20No.1%20-%202019/JISOM-SU19-A12.pdf}
}

@article{DalMas2019OutputOutcome,
  author    = {F. Dal Mas and M. Massaro and R. Lombardi and A. Garlatti},
  title     = {From output to outcome measures in the public sector: a structured literature review},
  journal   = {International Journal of Organizational Analysis},
  year      = {2019},
  volume    = {27},
  number    = {5},
  pages     = {1631--1656},
  doi       = {10.1108/IJOA-09-2018-1523},
  url       = {https://doi.org/10.1108/IJOA-09-2018-1523}
}

@misc{Carmichael2015,
  author = {Sarah Green Carmichael},
  title  = {The Research Is Clear: Long Hours Backfire for People and for Companies},
  year   = {2015},
  howpublished = {\url{https://hbr.org/2015/08/the-research-is-clear-long-hours-backfire-for-people-and-for-companies}}
}

@misc{Lowe2019SoftwareMetrics,
  author = {Steven A. Lowe},
  title  = {9 metrics that can make a difference to today’s software development teams},
  year   = {2019},
  howpublished = {\url{https://techbeacon.com/app-dev-testing/9-metrics-can-make-difference-todays-software-development-teams}},
}
